<record><leader>00000cas a22000007a 4500</leader><controlfield tag="001">14991204</controlfield><controlfield tag="008">861218d19381958wiuwr ne      0    0eng d</controlfield><datafield ind1=" " ind2=" " tag="010"><subfield code="a">sn 86086853 </subfield></datafield><datafield ind1=" " ind2=" " tag="040"><subfield code="a">NPV</subfield><subfield code="b">eng</subfield><subfield code="c">NPV</subfield><subfield code="d">OCLCQ</subfield></datafield><datafield ind1=" " ind2=" " tag="042"><subfield code="a">msc</subfield></datafield><datafield ind1="0" ind2="0" tag="245"><subfield code="a">Iowa County democrat and the Mineral Point tribune.</subfield></datafield><datafield ind1="1" ind2="7" tag="246"><subfield code="a">Democrat</subfield></datafield><datafield ind1="1" ind2="3" tag="246"><subfield code="a">Iowa County democrat</subfield></datafield><datafield ind1=" " ind2=" " tag="260"><subfield code="a">Mineral Point, Wis. :</subfield><subfield code="b">Morgan &amp; Jacobs,</subfield><subfield code="c">1938-1958.</subfield></datafield><datafield ind1=" " ind2=" " tag="300"><subfield code="a">v.</subfield></datafield><datafield ind1=" " ind2=" " tag="310"><subfield code="a">Weekly</subfield></datafield><datafield ind1="0" ind2=" " tag="362"><subfield code="a">Seventy-third year, no. 22 (Dec. 15, 1938)-ninety-second year, no. 40 (Mar. 27, 1958).</subfield></datafield><datafield ind1=" " ind2=" " tag="500"><subfield code="a">Publisher varies.</subfield></datafield><datafield ind1=" " ind2=" " tag="752"><subfield code="a">United States</subfield><subfield code="b">Wisconsin</subfield><subfield code="c">Iowa</subfield><subfield code="d">Mineral Point.</subfield></datafield><datafield ind1="0" ind2="4" tag="780"><subfield code="t">Mineral Point tribune (Mineral Point, Wis. : 1869)</subfield><subfield code="w">(DLC)sn 86086770</subfield></datafield><datafield ind1="0" ind2="4" tag="780"><subfield code="t">Iowa County democrat</subfield><subfield code="w">(DLC)sn 86086852</subfield></datafield><datafield ind1="0" ind2="0" tag="785"><subfield code="t">Democrat-tribune (Mineral Point, Wis.)</subfield><subfield code="w">(DLC)sn 86086854</subfield></datafield></record>